<record><leader>00000cas a22000007a 4500</leader><controlfield tag="001">13318172</controlfield><controlfield tag="008">860320d18341834pauwr ne      0    0eng d</controlfield><datafield ind1=" " ind2=" " tag="010"><subfield code="a">sn 86081202 </subfield></datafield><datafield ind1=" " ind2=" " tag="040"><subfield code="a">NPH</subfield><subfield code="b">eng</subfield><subfield code="c">NPH</subfield><subfield code="d">OCLCQ</subfield></datafield><datafield ind1=" " ind2=" " tag="042"><subfield code="a">msc</subfield></datafield><datafield ind1="0" ind2="0" tag="245"><subfield code="a">West Branch farmer.</subfield></datafield><datafield ind1=" " ind2=" " tag="260"><subfield code="a">Milton, North'd Co., Pa. :</subfield><subfield code="b">M. Sweney,</subfield><subfield code="c">-1834.</subfield></datafield><datafield ind1=" " ind2=" " tag="300"><subfield code="a">v. ;</subfield><subfield code="c">51 cm.</subfield></datafield><datafield ind1=" " ind2=" " tag="310"><subfield code="a">Weekly</subfield></datafield><datafield ind1="1" ind2=" " tag="362"><subfield code="a">Began with Aug. 23, 1834 issue?</subfield></datafield><datafield ind1="0" ind2=" " tag="362"><subfield code="a">-v. 1, no. 4 (Sept. 13, 1834).</subfield></datafield><datafield ind1=" " ind2=" " tag="588"><subfield code="a">Description based on: [vol. 1, no. 2] (Aug. 30, 1834).</subfield></datafield><datafield ind1=" " ind2=" " tag="752"><subfield code="a">United States</subfield><subfield code="b">Pennsylvania</subfield><subfield code="c">Northumberland</subfield><subfield code="d">Milton.</subfield></datafield><datafield ind1="0" ind2="0" tag="785"><subfield code="t">West Branch farmer and true democrat</subfield><subfield code="w">(DLC)sn 86081201</subfield></datafield><datafield ind1="1" ind2=" " tag="029"><subfield code="a">AU@</subfield><subfield code="b">000023535749</subfield></datafield></record>